@article{devillers:inria-00595823,
  TITLE = "Delaunay Triangulation of Imprecise Points, Preprocess and Actually Get a Fast Query Time",
  AUTHOR = "Devillers, Olivier",
  URL = {https://inriav3-preprod.archives-ouvertes.fr/inria-00595823},
  JOURNAL = {{Journal of Computational Geometry}},
  PUBLISHER = {{JOCG}},
  VOLUME = {2},
  PAGES = {30-45},
  YEAR = {2011},
  HAL_ID = {inria-00595823},
  HAL_VERSION = {v1},
}

@misc{slides, 
	TITLE = "Delaunay Triangulations of Imprecise Points in Linear Time after Preprocessing",
	AUTHOR = "Snoeyink, Jack L{\"o}ffler, Maarten",
 	YEAR={2010},
    HOWPUBLISHED = "Available online: \url{http://www.staff.science.uu.nl/~loffl001/publications/slides/preprocessing_delaunay.pdf}",
   NOTE = "[Presentation slides]"
}

